<record><leader>00000cas a2200000 a 4500</leader><controlfield tag="001">16782470</controlfield><controlfield tag="008">870929d18701875okumx n       0   a0mus d</controlfield><datafield ind1=" " ind2=" " tag="010"><subfield code="a">sn 95063176 </subfield></datafield><datafield ind1=" " ind2=" " tag="040"><subfield code="a">TYC</subfield><subfield code="b">eng</subfield><subfield code="c">TYC</subfield><subfield code="d">CNW</subfield><subfield code="d">OCL</subfield><subfield code="d">OCLCQ</subfield><subfield code="d">OCLCF</subfield><subfield code="d">OCLCO</subfield><subfield code="d">OCLCQ</subfield></datafield><datafield ind1=" " ind2=" " tag="019"><subfield code="a">702596330</subfield></datafield><datafield ind1="1" ind2=" " tag="029"><subfield code="a">AU@</subfield><subfield code="b">000012081845</subfield></datafield><datafield ind1="0" ind2=" " tag="041"><subfield code="a">mus</subfield><subfield code="a">eng</subfield></datafield><datafield ind1=" " ind2=" " tag="042"><subfield code="a">msc</subfield></datafield><datafield ind1=" " ind2=" " tag="043"><subfield code="a">n-us-ok</subfield></datafield><datafield ind1=" " ind2="4" tag="050"><subfield code="a">E99.C9</subfield><subfield code="b">O97</subfield></datafield><datafield ind1="0" ind2=" " tag="130"><subfield code="a">Our monthly (Tullahassee, Okla.)</subfield></datafield><datafield ind1="1" ind2="0" tag="245"><subfield code="a">Our monthly.</subfield></datafield><datafield ind1=" " ind2=" " tag="260"><subfield code="a">Tullahassee [Okla.] :</subfield><subfield code="b">Creek Nation,</subfield><subfield code="c">-1875.</subfield></datafield><datafield ind1=" " ind2=" " tag="300"><subfield code="a">volumes ;</subfield><subfield code="c">31 cm</subfield></datafield><datafield ind1=" " ind2=" " tag="310"><subfield code="a">Monthly (irregular)</subfield></datafield><datafield ind1=" " ind2=" " tag="336"><subfield code="a">text</subfield><subfield code="b">txt</subfield><subfield code="2">rdacontent</subfield></datafield><datafield ind1=" " ind2=" " tag="337"><subfield code="a">unmediated</subfield><subfield code="b">n</subfield><subfield code="2">rdamedia</subfield></datafield><datafield ind1=" " ind2=" " tag="338"><subfield code="a">volume</subfield><subfield code="b">nc</subfield><subfield code="2">rdacarrier</subfield></datafield><datafield ind1="0" ind2=" " tag="362"><subfield code="a">-v. 4, no. 10 (Oct. 1875).</subfield></datafield><datafield ind1="1" ind2=" " tag="362"><subfield code="a">Began in 1870.</subfield><subfield code="z">Cf. Union list of serials.</subfield></datafield><datafield ind1=" " ind2=" " tag="546"><subfield code="a">Creek and English.</subfield></datafield><datafield ind1=" " ind2=" " tag="588"><subfield code="a">Description based on: Vol. 2, no. 1 (Jan. 1873); title from caption.</subfield></datafield><datafield ind1=" " ind2="0" tag="650"><subfield code="a">Creek Indians</subfield><subfield code="v">Newspapers.</subfield></datafield><datafield ind1=" " ind2="0" tag="650"><subfield code="a">Creek language</subfield><subfield code="v">Texts.</subfield></datafield><datafield ind1=" " ind2="7" tag="650"><subfield code="a">Creek Indians.</subfield><subfield code="2">fast</subfield><subfield code="0">(OCoLC)fst00882705</subfield></datafield><datafield ind1=" " ind2="7" tag="650"><subfield code="a">Creek language.</subfield><subfield code="2">fast</subfield><subfield code="0">(OCoLC)fst00882736</subfield></datafield><datafield ind1=" " ind2="7" tag="655"><subfield code="a">Newspapers.</subfield><subfield code="2">fast</subfield><subfield code="0">(OCoLC)fst01423814</subfield></datafield><datafield ind1=" " ind2="7" tag="655"><subfield code="a">Texts.</subfield><subfield code="2">fast</subfield><subfield code="0">(OCoLC)fst01423705</subfield></datafield><datafield ind1=" " ind2=" " tag="752"><subfield code="a">United States</subfield><subfield code="b">Oklahoma</subfield><subfield code="d">Tullahassee.</subfield></datafield></record>